<?xml version="1.0" encoding="UTF-8"?><record xmlns="http://www.loc.gov/MARC21/slim" xmlns:cinclude="http://apache.org/cocoon/include/1.0" xmlns:zs="http://www.loc.gov/zing/srw/">
  <leader>00477nz  a2200121n  4500</leader>
  <controlfield tag="001">n 2013016281</controlfield>
  <controlfield tag="003">DLC</controlfield>
  <controlfield tag="005">20130327082131.0</controlfield>
  <controlfield tag="008">130326n| azannaabn          |n aaa      </controlfield>
  <datafield tag="010" ind1=" " ind2=" ">
    <subfield code="a">n 2013016281</subfield>
  </datafield>
  <datafield tag="040" ind1=" " ind2=" ">
    <subfield code="a">DLC</subfield>
    <subfield code="b">eng</subfield>
    <subfield code="c">DLC</subfield>
    <subfield code="e">rda</subfield>
  </datafield>
  <datafield tag="100" ind1="1" ind2=" ">
    <subfield code="a">Datta, Sudip</subfield>
  </datafield>
  <datafield tag="670" ind1=" " ind2=" ">
    <subfield code="a">Building and managing a cloud using Oracle Enterprise manager 12c, 2013:</subfield>
    <subfield code="b">ECIP t.p. (Sudip Datta) galley (director of product management for Oracle; bachelor in electronics and telecommunication engineering and an MBA)</subfield>
  </datafield>
</record>